@inproceedings{Joh13,
 author = {Johnson, Brittany and Song, Yoonki and Murphy-Hill, Emerson and Bowdidge, Robert},
 title = {Why Don\&\#039;T Software Developers Use Static Analysis Tools to Find Bugs?},
 booktitle = {Proceedings of the 2013 International Conference on Software Engineering},
 series = {ICSE '13},
 year = {2013},
 isbn = {978-1-4673-3076-3},
 location = {San Francisco, CA, USA},
 pages = {672--681},
 numpages = {10},
 url = {http://dl.acm.org/citation.cfm?id=2486788.2486877},
 acmid = {2486877},
 publisher = {IEEE Press},
 address = {Piscataway, NJ, USA},
} 

@article{Ump06,
 author = {Umphress, David A. and Hendrix, T. Dean and Cross,II, James H. and Maghsoodloo, Saeed},
 title = {Software Visualizations for Improving and Measuring the Comprehensibility of Source Code},
 journal = {Sci. Comput. Program.},
 issue_date = {April 2006},
 volume = {60},
 number = {2},
 month = apr,
 year = {2006},
 issn = {0167-6423},
 pages = {121--133},
 numpages = {13},
 url = {http://dx.doi.org/10.1016/j.scico.2006.10.001},
 doi = {10.1016/j.scico.2006.10.001},
 acmid = {1143373},
 publisher = {Elsevier North-Holland, Inc.},
 address = {Amsterdam, The Netherlands, The Netherlands},
 keywords = {complexity profile graph, control structure diagram, controlled experiments, software comprehension, software visualization},
} 

@article{Cor11,
 author = {Cornelissen, Bas and Zaidman, Andy and van Deursen, Arie},
 title = {A Controlled Experiment for Program Comprehension Through Trace Visualization},
 journal = {IEEE Trans. Softw. Eng.},
 issue_date = {May 2011},
 volume = {37},
 number = {3},
 month = may,
 year = {2011},
 issn = {0098-5589},
 pages = {341--355},
 numpages = {15},
 url = {http://dx.doi.org/10.1109/TSE.2010.47},
 doi = {10.1109/TSE.2010.47},
 acmid = {1991009},
 publisher = {IEEE Press},
 address = {Piscataway, NJ, USA},
 keywords = {Program comprehension, dynamic analysis, controlled experiment.},
} 

@inproceedings{Gurfinkel2015,
 author = {Gurfinkel, Arie and Kahsai, Temesghen and Navas, Jorge A.},
 title = {SeaHorn: A Framework for Verifying C Programs Competition Contribution},
 booktitle = {Proceedings of the 21st International Conference on Tools and Algorithms for the Construction and Analysis of Systems - Volume 9035},
 year = {2015},
 isbn = {978-3-662-46680-3},
 pages = {447--450},
 numpages = {4},
 url = {https://doi.org/10.1007/978-3-662-46681-0_41},
 doi = {10.1007/978-3-662-46681-0_41},
 acmid = {2945636},
 publisher = {Springer-Verlag New York, Inc.},
 address = {New York, NY, USA},
} 

@inproceedings{D\'Ambros2007,
 author = {D'Ambros, Marco and Lanza, Michele},
 title = {BugCrawler: Visualizing Evolving Software Systems},
 booktitle = {Proceedings of the 11th European Conference on Software Maintenance and Reengineering},
 series = {CSMR '07},
 year = {2007},
 isbn = {0-7695-2802-3},
 pages = {333--334},
 numpages = {2},
 url = {https://doi.org/10.1109/CSMR.2007.17},
 doi = {10.1109/CSMR.2007.17},
 acmid = {1252803},
 publisher = {IEEE Computer Society},
 address = {Washington, DC, USA},
}

@INPROCEEDINGS{Hanjalić2013, 
author={A. Hanjalić}, 
booktitle={2013 First IEEE Working Conference on Software Visualization (VISSOFT)}, 
title={ClonEvol: Visualizing software evolution with code clones}, 
year={2013}, 
volume={}, 
number={}, 
pages={1-4}, 
keywords={configuration management;data visualisation;software engineering;C source code;C++ source code;ClonEvol visual analysis tool;Doxygen;Java source code;Simian;clone relations;code clones;code duplication detector;data acquisition;data processing;data visualization;file structures;radial tree;scope structures;software evolution visualization;software versioning system;subversion tool-chain;Cloning;Data mining;Data visualization;Java;Scalability;Software;Visualization;Code Clones;Software Evolution Analysis;Software Visualization}, 
doi={10.1109/VISSOFT.2013.6650525}, 
ISSN={}, 
month={Sept},
}

@inproceedings{Jones2002,
 author = {Jones, James A. and Harrold, Mary Jean and Stasko, John},
 title = {Visualization of Test Information to Assist Fault Localization},
 booktitle = {Proceedings of the 24th International Conference on Software Engineering},
 series = {ICSE '02},
 year = {2002},
 isbn = {1-58113-472-X},
 location = {Orlando, Florida},
 pages = {467--477},
 numpages = {11},
 url = {http://doi.acm.org/10.1145/581339.581397},
 doi = {10.1145/581339.581397},
 acmid = {581397},
 publisher = {ACM},
 address = {New York, NY, USA},
} 

@INPROCEEDINGS{LaToza2011, 
author={T. D. LaToza and B. A. Myers}, 
booktitle={2011 IEEE Symposium on Visual Languages and Human-Centric Computing (VL/HCC)}, 
title={Visualizing call graphs}, 
year={2011}, 
volume={}, 
number={}, 
pages={117-124}, 
keywords={program debugging;program visualisation;reverse engineering;REACHER;control flow;interactive call graph visualization;program comprehension;program visualization;Context;Debugging;Joining processes;Navigation;Upper bound;Vegetation;Visualization;call graphs;code exploration;control flow;program comprehension;program visualization}, 
doi={10.1109/VLHCC.2011.6070388}, 
ISSN={1943-6092}, 
month={Sept},
}

@article{Cornelissen2008,
 author = {Cornelissen, Bas and Zaidman, Andy and Holten, Danny and Moonen, Leon and van Deursen, Arie and van Wijk, Jarke J.},
 title = {Execution Trace Analysis Through Massive Sequence and Circular Bundle Views},
 journal = {J. Syst. Softw.},
 issue_date = {December, 2008},
 volume = {81},
 number = {12},
 month = dec,
 year = {2008},
 issn = {0164-1212},
 pages = {2252--2268},
 numpages = {17},
 url = {http://dx.doi.org/10.1016/j.jss.2008.02.068},
 doi = {10.1016/j.jss.2008.02.068},
 acmid = {1454981},
 publisher = {Elsevier Science Inc.},
 address = {New York, NY, USA},
 keywords = {Dynamic analysis, Execution traces, Program comprehension, Visualization},
} 

@article{Holten2006,
 author = {Holten, Danny},
 title = {Hierarchical Edge Bundles: Visualization of Adjacency Relations in Hierarchical Data},
 journal = {IEEE Transactions on Visualization and Computer Graphics},
 issue_date = {September 2006},
 volume = {12},
 number = {5},
 month = sep,
 year = {2006},
 issn = {1077-2626},
 pages = {741--748},
 numpages = {8},
 url = {http://dx.doi.org/10.1109/TVCG.2006.147},
 doi = {10.1109/TVCG.2006.147},
 acmid = {1187772},
 publisher = {IEEE Educational Activities Department},
 address = {Piscataway, NJ, USA},
 keywords = {Network visualization, Network visualization, edge bundling, edge aggregation, edge concentration, curves, graph visualization, tree visualization, node-link diagrams, hierarchies, treemaps., curves, edge aggregation, edge bundling, edge concentration, graph visualization, hierarchies, node-link diagrams, tree visualization, treemaps.},
}

@article{Hevner2004,
 author = {Hevner, Alan R. and March, Salvatore T. and Park, Jinsoo and Ram, Sudha},
 title = {Design Science in Information Systems Research},
 journal = {MIS Q.},
 issue_date = {March 2004},
 volume = {28},
 number = {1},
 month = mar,
 year = {2004},
 issn = {0276-7783},
 pages = {75--105},
 numpages = {31},
 url = {http://dl.acm.org/citation.cfm?id=2017212.2017217},
 acmid = {2017217},
 publisher = {Society for Information Management and The Management Information Systems Research Center},
 address = {Minneapolis, MN, USA},
 keywords = {business environment, creativity, design artifact, design science, experimental methods, information systems research methodologies, search strategies, technology infrastructure},
} 


